@article{Hobson;1972, 
	title={The role of serum haemagglutination-inhibiting antibody in protection against challenge infection with influenza A2 and B viruses}, 
	volume={70}, 
	DOI={10.1017/s0022172400022610}, 
	number={04}, 
	journal={Journal of Hygiene}, 
	author={Hobson, D. and Curry, R. L. and Beare, A. S. and Ward-Gardner, A.}, 
	year={1972}, 
	pages={767–777}
}
@article{Hannoun;2004, 
	title={Immunogenicity and protective efficacy of influenza vaccination}, volume={103}, DOI={10.1016/s0168-1702(04)00124-8}, number={1-2}, journal={Virus Research}, author={Hannoun, C}, year={2004}, pages={133–138}
}
@article{Dunning;2006, 
	title={A model for immunological correlates of protection}, volume={25}, DOI={10.1002/sim.2282}, number={9}, journal={Statistics in Medicine}, author={Dunning, Andrew J.}, year={2006}, pages={1485–1497}
}
@article{Coudeville;2010, 
	title={Relationship between haemagglutination-inhibiting antibody titres and clinical protection against influenza: development and application of a bayesian random-effects model}, volume={10}, DOI={10.1186/1471-2288-10-18}, number={1}, journal={BMC Medical Research Methodology}, author={Coudeville, Laurent and Bailleux, Fabrice and Riche, Benjamin and Megas, Françoise and Andre, Philippe and Ecochard, René}, year={2010}
}
@article{Wikramaratna;2015, 
	title={Relationship between 	haemagglutination inhibition titre and immunity to influenza in ferrets}, volume={33}, DOI={10.1016/j.vaccine.2015.08.065}, number={41}, journal={Vaccine}, author={Wikramaratna, Paul S. and Rambaut, Andrew}, year={2015}, pages={5380–5385}
}
@article{Wijnans;2015, 
	title={A review of the changes to the licensing of influenza vaccines in Europe}, volume={10}, DOI={10.1111/irv.12351}, number={1}, journal={Influenza and Other Respiratory Viruses}, author={Wijnans, Leonoor and Voordouw, Bettie}, year={2015}, pages={2–8}
}
@article{Eichelberger;2016,
	title={Comparability of neuraminidase inhibition antibody titers measured by enzyme-linked lectin assay (ELLA) for the analysis of influenza vaccine immunogenicity}, volume={34}, DOI={10.1016/j.vaccine.2015.12.022}, number={4}, journal={Vaccine}, author={Eichelberger, Maryna C. and Couzens, Laura and Gao, Yonghong and Levine, Min and Katz, Jacqueline and Wagner, Ralf and Thompson, Catherine I. and Höschler, Katja and Laurie, Karen and Bai, Tian and et al.}, year={2016}, pages={458–465}
}
@article{Horby;2012, 
	title={The Epidemiology of Interpandemic and Pandemic Influenza in Vietnam, 2007–2010}, volume={175}, DOI={10.1093/aje/kws121}, number={10}, journal={American Journal of Epidemiology}, author={Horby, Peter and Mai, Le Quynh and Fox, Annette and Thai, Pham Quang and Yen, Nguyen Thi Thu and Thanh, Le Thi and Hang, Nguyen Le Khanh and Duong, Tran Nhu and Thoang, Dang Dinh and Farrar, Jeremy and et al.}, year={2012}, pages={1062–1074}
}
@article{Lim;2019,
	author = {Lim, W. W. and Leung, N. H. L. and Sullivan, S. G. and Tchetgen Tchetgen, E. J. and Cowling, B. J.},
	title = {Distinguishing Causation from Correlation in the Use of Correlates of Protection to Evaluate and Develop Influenza Vaccines},
	journal = {Am J Epidemiol},
	ISSN = {1476-6256 (Electronic)
	0002-9262 (Linking)},
	DOI = {10.1093/aje/kwz227},
	url = {https://www.ncbi.nlm.nih.gov/pubmed/31598648},
	year = {2019},
	type = {Journal Article}
}
@article{Hardelid;2011,
	author = {Hardelid, P. and Andrews, N. J. and Hoschler, K. and Stanford, E. and Baguelin, M. and Waight, P. A. and Zambon, M. and Miller, E.},
	title = {Assessment of baseline age-specific antibody prevalence and incidence of infection to novel influenza A/H1N1 2009},
	journal = {Health Technol Assess},
	volume = {14},
	number = {55},
	pages = {115-92},
	ISSN = {2046-4924 (Electronic)
	1366-5278 (Linking)},
	DOI = {10.3310/hta14550-03},
	url = {https://www.ncbi.nlm.nih.gov/pubmed/21208549},
	year = {2010},
	type = {Journal Article}
}
@article{Barr;2014,
	author = {Barr, I. G. and Russell, C. and Besselaar, T. G. and Cox, N. J. and Daniels, R. S. and Donis, R. and Engelhardt, O. G. and Grohmann, G. and Itamura, S. and Kelso, A. and McCauley, J. and Odagiri, T. and Schultz-Cherry, S. and Shu, Y. and Smith, D. and Tashiro, M. and Wang, D. and Webby, R. and Xu, X. and Ye, Z. and Zhang, W. and Writing Committee of the World Health Organization Consultation on Northern Hemisphere Influenza Vaccine Composition, for},
	title = {WHO recommendations for the viruses used in the 2013-2014 Northern Hemisphere influenza vaccine: Epidemiology, antigenic and genetic characteristics of influenza A(H1N1)pdm09, A(H3N2) and B influenza viruses collected from October 2012 to January 2013},
	journal = {Vaccine},
	volume = {32},
	number = {37},
	pages = {4713-25},
	ISSN = {1873-2518 (Electronic)
	0264-410X (Linking)},
	DOI = {10.1016/j.vaccine.2014.02.014},
	url = {https://www.ncbi.nlm.nih.gov/pubmed/24582632},
	year = {2014},
	type = {Journal Article}
}
@article{Wood;2003,
	author = {Wood, J. M. and Levandowski, R. A.},
	title = {The influenza vaccine licensing process},
	journal = {Vaccine},
	volume = {21},
	number = {16},
	pages = {1786-8},
	ISSN = {0264-410X (Print)
	0264-410X (Linking)},
	url = {https://www.ncbi.nlm.nih.gov/pubmed/12686095},
	year = {2003},
	type = {Journal Article}
}
@article{Ng;2013,
	author = {Ng, S. and Fang, V. J. and Ip, D. K. and Chan, K. H. and Leung, G. M. and Peiris, J. S. and Cowling, B. J.},
	title = {Estimation of the association between antibody titers and protection against confirmed influenza virus infection in children},
	journal = {J Infect Dis},
	volume = {208},
	number = {8},
	pages = {1320-4},
	ISSN = {1537-6613 (Electronic) 0022-1899 (Linking)},
	DOI = {10.1093/infdis/jit372},
	url = {https://www.ncbi.nlm.nih.gov/pubmed/23908481},
	year = {2013},
	type = {Journal Article}
}
@inbook{Murphy;1989,
	author = {Murphy, B. R. and Clements, M. L.},
	title = {The Systemic and Mucosal Immune Response of Humans to Influenza A Virus},
	booktitle = {Current Topics in Microbiology and Immunology},
	editor = {Mestecky, J. and McGeer, J. R.},
	series = {New Strategies for Oral Immunization},
	publisher = {Springer-Verlag},
	address = {Berlin},
	volume = {146},
	pages = {R5-R6},
	ISBN = {0070-217x},
	url = {<Go to ISI>://WOS:A1989DN99700001},
	year = {1989},
	type = {Book Section}
}
@article{Couch;1983,
	author = {Couch, R. B. and Kasel, J. A.},
	title = {Immunity to influenza in man},
	journal = {Annu Rev Microbiol},
	volume = {37},
	pages = {529-49},
	ISSN = {0066-4227 (Print)
	0066-4227 (Linking)},
	DOI = {10.1146/annurev.mi.37.100183.002525},
	url = {https://www.ncbi.nlm.nih.gov/pubmed/6357060},
	year = {1983},
	type = {Journal Article}
}
@article{Cox;2004,
	author = {Cox, R. J. and Brokstad, K. A. and Ogra, P.},
	title = {Influenza virus: immunity and vaccination strategies. Comparison of the immune response to inactivated and live, attenuated influenza vaccines},
	journal = {Scand J Immunol},
	volume = {59},
	number = {1},
	pages = {1-15},
	ISSN = {0300-9475 (Print)
	0300-9475 (Linking)},
	DOI = {10.1111/j.0300-9475.2004.01382.x},
	url = {https://www.ncbi.nlm.nih.gov/pubmed/14723616},
	year = {2004},
	type = {Journal Article}
}
@article{Cowling;2013,
	author = {Cowling, B. J. and Ng, S. and Ma, E. S. and Fang, V. J. and So, H. C. and Wai, W. and Cheng, C. K. and Wong, J. Y. and Chan, K. H. and Ip, D. K. and Chiu, S. S. and Peiris, J. S. and Leung, G. M.},
	title = {Protective efficacy against pandemic influenza of seasonal influenza vaccination in children in Hong Kong: a randomized controlled trial},
	journal = {Clin Infect Dis},
	volume = {55},
	number = {5},
	pages = {695-702},
	ISSN = {1537-6591 (Electronic)
	1058-4838 (Linking)},
	DOI = {10.1093/cid/cis518},
	url = {https://www.ncbi.nlm.nih.gov/pubmed/22670050},
	year = {2012},
	type = {Journal Article}
}
